<?xml version="1.0" encoding="UTF-8"?>
<record>
  <leader>01020njm#a2200325#cb4500</leader>
  <controlfield tag="005">20210408151505.0</controlfield>
  <controlfield tag="007">ss#|||||||||||</controlfield>
  <controlfield tag="008">040202|2003####gw#|||##############ger#c</controlfield>
  <controlfield tag="003">DE-605</controlfield>
  <controlfield tag="001">990124590390206441</controlfield>
  <datafield tag="016" ind1="7" ind2=" ">
    <subfield code="a">1068984194</subfield>
    <subfield code="2">OCoLC</subfield>
  </datafield>
  <datafield tag="020" ind1=" " ind2=" ">
    <subfield code="a">3936547041</subfield>
    <subfield code="9">3-936547-04-1</subfield>
  </datafield>
  <datafield tag="035" ind1=" " ind2=" ">
    <subfield code="a">(DE-605)HT013911008</subfield>
  </datafield>
  <datafield tag="040" ind1=" " ind2=" ">
    <subfield code="a">361</subfield>
    <subfield code="b">ger</subfield>
    <subfield code="e">rakwb</subfield>
  </datafield>
  <datafield tag="041" ind1=" " ind2=" ">
    <subfield code="a">ger</subfield>
  </datafield>
  <datafield tag="044" ind1=" " ind2=" ">
    <subfield code="c">XA-DE</subfield>
  </datafield>
  <datafield tag="090" ind1=" " ind2=" ">
    <subfield code="b">b</subfield>
  </datafield>
  <datafield tag="245" ind1="0" ind2="0">
    <subfield code="a">1000 Fotos aus Rothenburg ob der Tauber</subfield>
    <subfield code="h">Elektronische Ressource</subfield>
  </datafield>
  <datafield tag="264" ind1=" " ind2="1">
    <subfield code="a">Velbert</subfield>
    <subfield code="b">Eutropia</subfield>
    <subfield code="c">2003</subfield>
  </datafield>
  <datafield tag="300" ind1=" " ind2=" ">
    <subfield code="a">1 CD-ROM ; 12 cm + 1 Beih. [6] S.</subfield>
  </datafield>
  <datafield tag="340" ind1=" " ind2=" ">
    <subfield code="a">CD-ROM</subfield>
    <subfield code="9">F:652</subfield>
  </datafield>
  <datafield tag="490" ind1="1" ind2=" ">
    <subfield code="a">Eutropia-CD</subfield>
    <subfield code="v">5</subfield>
  </datafield>
  <datafield tag="538" ind1=" " ind2=" ">
    <subfield code="i">Systemvoraussetzungen</subfield>
    <subfield code="a">Win 9x, ME, NT, Win 2000/XP, Mac, Linux und Amiga</subfield>
  </datafield>
  <datafield tag="655" ind1=" " ind2="7">
    <subfield code="a">CD-ROM</subfield>
    <subfield code="0">(DE-588)4139307-7</subfield>
    <subfield code="2">gnd-carrier</subfield>
  </datafield>
  <datafield tag="689" ind1="0" ind2="0">
    <subfield code="a">Rothenburg ob der Tauber</subfield>
    <subfield code="D">g</subfield>
    <subfield code="0">(DE-588)4050698-8</subfield>
    <subfield code="0">https://portal.dnb.de/opac.htm?method=simpleSearch&amp;cqlMode=true&amp;query=idn=040506983</subfield>
    <subfield code="0">http://viaf.org/viaf/sourceID/DNB|040506983</subfield>
    <subfield code="B">GND-040506983</subfield>
  </datafield>
  <datafield tag="830" ind1=" " ind2="0">
    <subfield code="a">Eutropia-CD</subfield>
    <subfield code="w">(DE-605)HT013911051</subfield>
    <subfield code="v">5</subfield>
    <subfield code="9">O:1</subfield>
  </datafield>
  <datafield tag="964" ind1="0" ind2="s">
    <subfield code="F">030</subfield>
    <subfield code="A">a|1uc||||||37</subfield>
  </datafield>
  <datafield tag="964" ind1="0" ind2="s">
    <subfield code="F">050</subfield>
    <subfield code="A">|||||ad|||||||</subfield>
  </datafield>
  <datafield tag="964" ind1="0" ind2="s">
    <subfield code="F">051</subfield>
    <subfield code="A">s||||||-</subfield>
  </datafield>
  <datafield tag="035" ind1=" " ind2=" ">
    <subfield code="a">(OCoLC)1068984194</subfield>
  </datafield>
  <datafield tag="MBD" ind1=" " ind2=" ">
    <subfield code="M">49HBZ_NETWORK</subfield>
    <subfield code="i">990124590390206441</subfield>
    <subfield code="n">HBZ Network</subfield>
  </datafield>
  <datafield tag="MBD" ind1=" " ind2=" ">
    <subfield code="M">49HBZ_BIE</subfield>
    <subfield code="i">991000893309706442</subfield>
    <subfield code="n">Universität Bielefeld</subfield>
  </datafield>
  <datafield tag="MNG" ind1=" " ind2=" ">
    <subfield code="c">System</subfield>
    <subfield code="f">ILS</subfield>
    <subfield code="i">marc21</subfield>
    <subfield code="k">01</subfield>
    <subfield code="e">false</subfield>
    <subfield code="d">2023-01-19 06:11:27 Europe/Berlin</subfield>
    <subfield code="g">012459039-HBZ01</subfield>
    <subfield code="j">60</subfield>
    <subfield code="a">import</subfield>
    <subfield code="b">2021-04-05 19:52:02 Europe/Berlin</subfield>
  </datafield>
  <datafield tag="H52" ind1="8" ind2=" ">
    <subfield code="b">UB_BI</subfield>
    <subfield code="c">14G_Sond</subfield>
    <subfield code="h">CB088.87-4144798</subfield>
    <subfield code="8">22240897820006442</subfield>
  </datafield>
  <datafield tag="HOL" ind1=" " ind2=" ">
    <subfield code="b">2021-04-19 04:15:29</subfield>
    <subfield code="8">22240897820006442</subfield>
    <subfield code="M">49HBZ_BIE</subfield>
    <subfield code="g">false</subfield>
    <subfield code="a">import</subfield>
  </datafield>
  <datafield tag="ITM" ind1=" " ind2=" ">
    <subfield code="H">22240897820006442</subfield>
    <subfield code="x">14G_Sond</subfield>
    <subfield code="f">BOOK</subfield>
    <subfield code="v">14G_Sond</subfield>
    <subfield code="p">item_08</subfield>
    <subfield code="X">Cutover_Fix_OSID</subfield>
    <subfield code="U">2021-04-18 12:59:00 Europe/Berlin</subfield>
    <subfield code="Y">2021-04-19 06:16:04 Europe/Berlin</subfield>
    <subfield code="h">false</subfield>
    <subfield code="J">CD-ROM</subfield>
    <subfield code="M">49HBZ_BIE</subfield>
    <subfield code="s">1</subfield>
    <subfield code="d">8</subfield>
    <subfield code="V">import</subfield>
    <subfield code="L">Abteilung/Standort/Haushaltsstufe: 14#St | SISIS-Magazindrucker: 0 | HBZ01: HT013911008 | Keine Beilagen: 1</subfield>
    <subfield code="b">148/4144798+01</subfield>
    <subfield code="O">SISIS-Ausleihzähler vorletztes Migrationsjahr: 0 | SISIS-Vormerkzähler Migrationsjahr: 0 | SISIS-Buchdaten-Aufnahmedatum: 2004-02-02</subfield>
    <subfield code="N">Fernleihkonditionen: 0 | Sigel: 361 | Klassifikation: 14G_Sond | Altersbegrenzung: 0 | SISIS-Ausleihzähler Migrationsjahr: 0 | SISIS-Ausleihzähler Vor-Migrationsjahr: 0</subfield>
    <subfield code="a">23240897810006442</subfield>
    <subfield code="c">CB088.87-4144798</subfield>
    <subfield code="W">2021-04-19 06:15:29 Europe/Berlin</subfield>
    <subfield code="u">UB_BI</subfield>
    <subfield code="w">UB_BI</subfield>
  </datafield>
  <datafield tag="GSI" ind1="7" ind2=" ">
    <subfield code="a">4050698-8</subfield>
    <subfield code="0">http://d-nb.info/gnd/4050698-8</subfield>
    <subfield code="2">gnd</subfield>
    <subfield code="A">GND</subfield>
    <subfield code="B">GND-040506983</subfield>
    <subfield code="C">024</subfield>
  </datafield>
  <datafield tag="GSI" ind1="7" ind2=" ">
    <subfield code="a">2844056</subfield>
    <subfield code="2">geonames</subfield>
    <subfield code="A">GND</subfield>
    <subfield code="B">GND-040506983</subfield>
    <subfield code="C">024</subfield>
  </datafield>
  <datafield tag="GGN" ind1=" " ind2=" ">
    <subfield code="a">Rothenburg, Tauber</subfield>
    <subfield code="A">GND</subfield>
    <subfield code="B">GND-040506983</subfield>
    <subfield code="C">451</subfield>
  </datafield>
  <datafield tag="GGN" ind1=" " ind2=" ">
    <subfield code="a">Rothenburg o.d.T.</subfield>
    <subfield code="A">GND</subfield>
    <subfield code="B">GND-040506983</subfield>
    <subfield code="C">451</subfield>
  </datafield>
  <datafield tag="GGN" ind1=" " ind2=" ">
    <subfield code="a">Rothenburg o. Tbr.</subfield>
    <subfield code="A">GND</subfield>
    <subfield code="B">GND-040506983</subfield>
    <subfield code="C">451</subfield>
  </datafield>
  <datafield tag="GGN" ind1=" " ind2=" ">
    <subfield code="a">Rotenburg</subfield>
    <subfield code="g">Tauber</subfield>
    <subfield code="9">v:Vorlage</subfield>
    <subfield code="A">GND</subfield>
    <subfield code="B">GND-040506983</subfield>
    <subfield code="C">451</subfield>
  </datafield>
  <datafield tag="GGN" ind1=" " ind2=" ">
    <subfield code="a">Reichsstadt Rothenburg ob der Tauber</subfield>
    <subfield code="A">GND</subfield>
    <subfield code="B">GND-040506983</subfield>
    <subfield code="C">451</subfield>
  </datafield>
  <datafield tag="GGN" ind1=" " ind2=" ">
    <subfield code="a">Reichsstadt Rothenburg o.d.T.</subfield>
    <subfield code="A">GND</subfield>
    <subfield code="B">GND-040506983</subfield>
    <subfield code="C">451</subfield>
  </datafield>
  <datafield tag="GGN" ind1=" " ind2=" ">
    <subfield code="a">Rothenburg</subfield>
    <subfield code="g">Tauber</subfield>
    <subfield code="A">GND</subfield>
    <subfield code="B">GND-040506983</subfield>
    <subfield code="C">451</subfield>
  </datafield>
  <datafield tag="GGN" ind1=" " ind2=" ">
    <subfield code="a">Rotenburg ob der Tauber</subfield>
    <subfield code="A">GND</subfield>
    <subfield code="B">GND-040506983</subfield>
    <subfield code="C">451</subfield>
  </datafield>
  <datafield tag="GGN" ind1=" " ind2=" ">
    <subfield code="a">Rothenburg on the Tauber</subfield>
    <subfield code="A">GND</subfield>
    <subfield code="B">GND-040506983</subfield>
    <subfield code="C">451</subfield>
  </datafield>
</record>
